<?xml version="1.0" encoding="UTF-8"?><collection xmlns="http://www.loc.gov/MARC21/slim"><record><leader>00484nam--2200133-i-4500</leader><controlfield tag="001">000019202</controlfield><controlfield tag="002">20161230</controlfield><controlfield tag="005">20161230201033</controlfield><controlfield tag="008">060222s1000------------r-----000-0-eng-d</controlfield><datafield ind1=" " ind2=" " tag="080"><subfield code="a">681.31</subfield></datafield><datafield ind1=" " ind2=" " tag="245"><subfield code="a">Conference on computer science and technology, 30 june-3 july 1969 held at the university of manchester institute of science and technology</subfield></datafield><datafield ind1=" " ind2=" " tag="260"><subfield code="a">Tunbrige Wells, Kent, The Institution Of Electrical Engineers, 1969. 324 P</subfield></datafield><datafield ind1=" " ind2=" " tag="490"><subfield code="a">Iee Conference Publication</subfield></datafield><datafield ind1=" " ind2=" " tag="852"><subfield code="a">33229</subfield></datafield></record></collection>